<?xml version="1.0" encoding="UTF-8"?><collection xmlns="http://www.loc.gov/MARC21/slim"><record><leader>00548nam--2200181-i-4500</leader><controlfield tag="001">000012137</controlfield><controlfield tag="002">20161230</controlfield><controlfield tag="005">20161230201029</controlfield><controlfield tag="008">060222s1000------------r-----000-0-fre-d</controlfield><datafield ind1=" " ind2=" " tag="040"><subfield code="a">IFIN-HH</subfield></datafield><datafield ind1=" " ind2=" " tag="041"><subfield code="a">fre</subfield></datafield><datafield ind1=" " ind2=" " tag="080"><subfield code="a">532.5(O43):532.526</subfield></datafield><datafield ind1="1" ind2=" " tag="100"><subfield code="a">Charraudeau,Jacques</subfield></datafield><datafield ind1="1" ind2="0" tag="245"><subfield code="a">Contribution a l'etude de couches limites a proprietes physiques variables</subfield><subfield code="b">These</subfield><subfield code="c">Jacques charraudeau</subfield></datafield><datafield ind1=" " ind2=" " tag="260"><subfield code="a">Poitiers</subfield><subfield code="b">Universite De Poitiers</subfield><subfield code="c">1974</subfield></datafield><datafield ind1=" " ind2=" " tag="300"><subfield code="a">140 P. +47 FIG.+29 TABL.+P.D</subfield></datafield><datafield ind1=" " ind2=" " tag="852"><subfield code="a">44857</subfield><subfield code="c">532</subfield></datafield><datafield ind1=" " ind2=" " tag="CAT"><subfield code="a">Sys</subfield><subfield code="c">20110113</subfield><subfield code="h">145924</subfield></datafield></record></collection>